@Misc{polyrmf,
	author = {SIGELLE, TUPIN},
	title = {Champs de Markov en traitement d'image},
	howpublished = {Telecom Paris ENST},
	year = {1999},
	note = {Module C3M},
	annote = {d√©partement Traitement de Signal et des Images}
}
